@inproceedings{DBLP:conf/crypto/Shamir84,
  author    = {Adi Shamir},
  title     = {Identity-Based Cryptosystems and Signature Schemes},
  booktitle = {CRYPTO},
  year      = {1984},
  pages     = {47-53},
  ee        = {http://dx.doi.org/10.1007/3-540-39568-7_5},
  crossref  = {DBLP:conf/crypto/1984},
  bibsource = {DBLP, http://dblp.uni-trier.de}
}

@proceedings{DBLP:conf/crypto/1984,
  editor    = {G. R. Blakley and
               David Chaum},
  title     = {Advances in Cryptology, Proceedings of CRYPTO '84, Santa
               Barbara, California, USA, August 19-22, 1984, Proceedings},
  booktitle = {CRYPTO},
  publisher = {Springer},
  series    = {Lecture Notes in Computer Science},
  volume    = {196},
  year      = {1985},
  isbn      = {3-540-15658-5},
  bibsource = {DBLP, http://dblp.uni-trier.de}
}

@misc{rfc4880,
  added-at = {2009-11-15T15:37:34.000+0100},
  author = {Callas, J. and Donnerhacke, L. and Finney, H. and Shaw, D. and Thayer, R.},
  biburl = {http://www.bibsonomy.org/bibtex/2ee21218acad21ea40c4a563a5818577a/henkellermann},
  howpublished = {RFC 4880 (Proposed Standard)},
  interhash = {6f8c2970b37d1052dcabca848c4f1903},
  intrahash = {ee21218acad21ea40c4a563a5818577a},
  keywords = {imported},
  month = {November},
  note = {Updated by RFC 5581},
  number = 4880,
  organization = {Internet Engineering Task Force},
  publisher = {IETF},
  series = {Request for Comments},
  timestamp = {2009-11-15T15:37:34.000+0100},
  title = {{OpenPGP Message Format}},
  url = {http://www.ietf.org/rfc/rfc4880.txt},
  year = 2007
}

@inproceedings{DBLP:conf/pet/BeatoKW11,
  author    = {Filipe Beato and
               Markulf Kohlweiss and
               Karel Wouters},
  title     = {Scramble! Your Social Network Data},
  booktitle = {PETS},
  year      = {2011},
  pages     = {211-225},
  ee        = {http://dx.doi.org/10.1007/978-3-642-22263-4_12},
  crossref  = {DBLP:conf/pet/2011},
  bibsource = {DBLP, http://dblp.uni-trier.de}
}

@proceedings{DBLP:conf/pet/2011,
  editor    = {Simone Fischer-H{\"u}bner and
               Nicholas Hopper},
  title     = {Privacy Enhancing Technologies - 11th International Symposium,
               PETS 2011, Waterloo, ON, Canada, July 27-29, 2011. Proceedings},
  booktitle = {Privacy Enhancing Technologies},
  publisher = {Springer},
  series    = {Lecture Notes in Computer Science},
  volume    = {6794},
  year      = {2011},
  isbn      = {978-3-642-22262-7},
  ee        = {http://dx.doi.org/10.1007/978-3-642-22263-4},
  bibsource = {DBLP, http://dblp.uni-trier.de}
}

