
@Book{h2g2,
  author = 	 {Adams, Douglas},
  title = 	 {The Hitchhiker's Guide to the Galaxy},
  publisher = 	 {Del Rey (reprint)},
  year = 	 1995,
  number =       {ISBN-13: 978-0345391803},
  annote = 	 {Ik weet dat dit niet de originele uitgever en uitgifte datum is}}


@Book{pratchett06:_good_omens,
  author = 	 {Pratchett, Terry and Gaiman, Neil},
  title = 	 {Good Omens: \emph{The Nice and Accurate Prophecies of Agnes Nutter, Witch}},
  publisher = 	 {HarperTorch (reprint)},
  year = 	 2006,
  number = 	 {ISBN-13: 978-0060853983}}

@electronic{wiki,
title = {Proefschrift},
url = {http://nl.wikipedia.org/wiki/Proefschrift},
note = {last checked: 5/3/2007}
}