@Book{h2g2,
  author =    {Adams, Douglas},
  title =     {The Hitchhiker's Guide to the Galaxy},
  publisher = {Del Rey (reprint)},
  year =      1995,
  note =      {ISBN-13: 978-0345391803}}

@Book{pratchett06:_good_omens,
  author =    {Pratchett, Terry and Gaiman, Neil},
  title =     {Good Omens:
               \emph{The Nice and Accurate Prophecies of Agnes Nutter, Witch}},
  publisher = {HarperTorch (reprint)},
  year =      2006,
  note =      {ISBN-13: 978-0060853983}}

@Misc{wiki,
  author =       {Wikipedia},
  title =        {Thesis or dissertation},
  howpublished = {URL: \url{http://en.wikipedia.org/wiki/Thesis_or_dissertation},
                  last checked on 2010-01-07}}

@Misc{site:Jones13,
  author =       {Kelsey Jones},
  title =        {The Growth of Social Media v2.0},
  howpublished = {URL: \url{http://www.searchenginejournal.com/growth-social-media-2-0-infographic/77055/},
                  last checked on 2014-05-08}}
                  
@Misc{site:Bullas14,
  author =       {Jeff Bullas},
  title =        {22 Social Media Facts and Statistics You Should Know in 2014},
  howpublished = {URL: \url{http://www.jeffbullas.com/2014/01/17/20-social-media-facts-and-statistics-you-should-know-in-2014/},
                  last checked on 2014-05-08}}
                  
@Misc{site:StatisticBrain,
  author =       {StatisticBrain},
  title =        {Social Networking Statistics},
  howpublished = {URL: \url{http://www.statisticbrain.com/social-networking-statistics/},
                  last checked on 2014-05-08}}
                  
@Misc{site:worldometers,
  author =       {Worldometers},
  title =        {Worldometers Real Time World Statistics},
  howpublished = {URL: \url{http://www.worldometers.info/},
                  last checked on 2014-05-08}}
